@online{w3schools_html,
  title = {HTML Tutorial},
  author = {W3Schools},
  year = {2021},
  url = {https://www.w3schools.com/html/default.asp}
}

@online{w3schools_css,
  title = {CSS Tutorial},
  author = {W3Schools},
  year = {2021},
  url = {https://www.w3schools.com/css/default.asp}
}

@online{w3schools_js,
  title = {JavaScript Tutorial},
  author = {W3Schools},
  year = {2021},
  url = {https://www.w3schools.com/js/default.asp}
}
